%% This BibTeX bibliography file was created using BibDesk.
%% https://bibdesk.sourceforge.io/

%% Created for Rafay Kalim at 2023-01-22 14:45:18 -0500 


%% Saved with string encoding Unicode (UTF-8) 
@article{fu2008multiple,
  title={Multiple objective optimal control of integrated urban wastewater systems},
  author={Fu, Guangtao and Butler, David and Khu, Soon-Thiam},
  journal={Environmental Modelling \& Software},
  volume={23},
  number={2},
  pages={225--234},
  year={2008},
  publisher={Elsevier}
}
@article{markowitz1952,
 ISSN = {00221082, 15406261},
 URL = {http://www.jstor.org/stable/2975974},
 author = {Harry Markowitz},
 journal = {The Journal of Finance},
 number = {1},
 pages = {77--91},
 publisher = {[American Finance Association, Wiley]},
 title = {Portfolio Selection},
 urldate = {2023-01-22},
 volume = {7},
 year = {1952}
}
@article{qian2011risk,
  title={Risk parity and diversification},
  author={Qian, Edward},
  journal={The Journal of Investing},
  volume={20},
  number={1},
  pages={119--127},
  year={2011},
  publisher={Institutional Investor Journals Umbrella}
}

@article{costa2020robust,
  title={A robust framework for risk parity portfolios},
  author={Costa, Giorgio and Kwon, Roy},
  journal={Journal of Asset Management},
  volume={21},
  number={5},
  pages={447--466},
  year={2020},
  publisher={Springer}
}

@article{butler2023integrating,
  title={Integrating prediction in mean-variance portfolio optimization},
  author={Butler, Andrew and Kwon, Roy H},
  journal={Quantitative Finance},
  pages={1--24},
  year={2023},
  publisher={Taylor \& Francis}
}

@article{blanchet2022distributionally,
  title={Distributionally robust mean-variance portfolio selection with Wasserstein distances},
  author={Blanchet, Jose and Chen, Lin and Zhou, Xun Yu},
  journal={Management Science},
  volume={68},
  number={9},
  pages={6382--6410},
  year={2022},
  publisher={INFORMS}
}
