@article{levy2013,
  title={Overreaction of country ETFs to US market returns: Intraday vs. daily horizons and the role of synchronized trading},
  author={Levy, Ariel and Lieberman, Offer},
  journal={Journal of Banking \& Finance},
  volume={37},
  number={5},
  pages={1412--1421},
  year={2013},
  publisher={Elsevier}
}

@article{johnson2009,
  title={Tracking errors of exchange traded funds},
  author={Johnson, William F},
  journal={Journal of Asset Management},
  volume={10},
  number={4},
  pages={253--262},
  year={2009},
  publisher={Springer}
}

@article{rompotis2012german,
  title={The German Exchange Traded Funds.},
  author={Rompotis, Gerasimos and others},
  journal={IUP Journal of Applied Finance},
  volume={18},
  number={4},
  year={2012}
}

@article{jares2004japan,
  title={Japan and Hong Kong exchange-traded funds (ETFs): Discounts, returns, and trading strategies},
  author={Jares, Timothy E and Lavin, Angeline M},
  journal={Journal of Financial Services Research},
  volume={25},
  number={1},
  pages={57--69},
  year={2004},
  publisher={Springer}
}

@article{gaba2021tracking,
  title={Tracking Error and Pricing Efficiency of Exchange Traded Funds: A Systematic Literature Review},
  author={Gaba, Ashima and Kumar, Ravinder},
  year={2021}
}

@article{blackrock,
title={Financial Planning Investment Management},
author={https://www.blackrock.com/ca/investors/en/products/239576/ishares-japan-fundamental-index-fund-cadhedged-fund},
journal={BlackRock}}